<?xml version="1.0" encoding="UTF-8"?><collection xmlns="http://www.loc.gov/MARC21/slim"><record><leader>00698nam--2200181-i-4500</leader><controlfield tag="001">000024289</controlfield><controlfield tag="002">20161230</controlfield><controlfield tag="005">20170108233841</controlfield><controlfield tag="008">060222s1000------------r-----000-0-eng-d</controlfield><datafield ind1=" " ind2=" " tag="040"><subfield code="a">IFIN-HH</subfield></datafield><datafield ind1=" " ind2=" " tag="080"><subfield code="a">537.222.22:382.332:538.975(061.3)</subfield></datafield><datafield ind1="1" ind2=" " tag="110"><subfield code="a">Hungarian Academy Of Sciences</subfield></datafield><datafield ind1="1" ind2="0" tag="245"><subfield code="a">Heterojunctions</subfield><subfield code="b">International Conference on the Physics and Chemistry of semiconductors heterojunctions and layer structures. Budapest 1970 11-17 October Volume 5. Preparation and properties of mos and mis structures. Supplementary section</subfield></datafield><datafield ind1=" " ind2=" " tag="260"><subfield code="a">Budapest</subfield><subfield code="b">Akad©♭miai Kiad©đ</subfield><subfield code="c">1971</subfield></datafield><datafield ind1=" " ind2=" " tag="300"><subfield code="a">377 p</subfield></datafield><datafield ind1=" " ind2=" " tag="490"><subfield code="a">Proceedings</subfield></datafield><datafield ind1=" " ind2=" " tag="852"><subfield code="a">75111</subfield><subfield code="c">537.311.33</subfield></datafield><datafield ind1=" " ind2=" " tag="CAT"><subfield code="a">SYS</subfield><subfield code="c">20170108</subfield><subfield code="h">233841</subfield></datafield></record></collection>